<record><leader>00000cas a22000007a 4500</leader><controlfield tag="001">14147741</controlfield><controlfield tag="008">860826d19491964pauwr ne      0    0eng d</controlfield><datafield ind1=" " ind2=" " tag="010"><subfield code="a">sn 87080176 </subfield></datafield><datafield ind1=" " ind2=" " tag="040"><subfield code="a">PLF</subfield><subfield code="b">eng</subfield><subfield code="c">PLF</subfield><subfield code="d">NPH</subfield><subfield code="d">OCLCQ</subfield></datafield><datafield ind1=" " ind2=" " tag="042"><subfield code="a">msc</subfield></datafield><datafield ind1="0" ind2=" " tag="130"><subfield code="a">South Philadelphia review (Philadelphia, Pa. : Combined ed.)</subfield></datafield><datafield ind1="1" ind2="4" tag="245"><subfield code="a">The South Philadelphia review.</subfield></datafield><datafield ind1="3" ind2="0" tag="246"><subfield code="a">Review</subfield></datafield><datafield ind1=" " ind2=" " tag="260"><subfield code="a">Philadelphia [Pa. :</subfield><subfield code="b">s.n.]</subfield></datafield><datafield ind1=" " ind2=" " tag="300"><subfield code="a">v. :</subfield><subfield code="b">ill.</subfield></datafield><datafield ind1=" " ind2=" " tag="310"><subfield code="a">Weekly</subfield></datafield><datafield ind1="1" ind2=" " tag="362"><subfield code="a">Began in 1949.</subfield><subfield code="z">Cf. Rossell, G. Pa. newspapers.</subfield></datafield><datafield ind1="1" ind2=" " tag="362"><subfield code="a">Ceased in 1964?</subfield></datafield><datafield ind1=" " ind2=" " tag="500"><subfield code="a">"Largest community newspaper in South Philadelphia."</subfield></datafield><datafield ind1=" " ind2=" " tag="580"><subfield code="a">Split into: South Philadelphia review (Philadelphia, Pa. : East ed.); and: South Philadelphia review (Philadelpia, Pa. : West ed.).</subfield></datafield><datafield ind1=" " ind2=" " tag="588"><subfield code="a">Description based on: Vol. 7, no. 25 (Feb. 18, 1955).</subfield></datafield><datafield ind1=" " ind2=" " tag="752"><subfield code="a">United States</subfield><subfield code="b">Pennsylvania</subfield><subfield code="c">Philadelphia</subfield><subfield code="d">Philadelphia.</subfield></datafield><datafield ind1="1" ind2="6" tag="785"><subfield code="t">South Philadelphia review (Philadelphia, Pa. : East ed.)</subfield><subfield code="w">(DLC)sn 87080178</subfield></datafield><datafield ind1="0" ind2="6" tag="785"><subfield code="t">South Philadelphia review (Philadelphia, Pa. : West ed.)</subfield><subfield code="w">(DLC)sn 87080177</subfield></datafield></record>